<?xml version="1.0" encoding="UTF-8"?><record xmlns="http://www.loc.gov/MARC21/slim" xmlns:cinclude="http://apache.org/cocoon/include/1.0" xmlns:zs="http://www.loc.gov/zing/srw/">
  <leader>00611cz  a2200145n  4500</leader>
  <controlfield tag="001">n 2009160721</controlfield>
  <controlfield tag="003">DLC</controlfield>
  <controlfield tag="005">20090303075136.0</controlfield>
  <controlfield tag="008">090227n| acannaabn          |a aaa      </controlfield>
  <datafield tag="010" ind1=" " ind2=" ">
    <subfield code="a">n 2009160721</subfield>
  </datafield>
  <datafield tag="040" ind1=" " ind2=" ">
    <subfield code="a">DLC</subfield>
    <subfield code="b">eng</subfield>
    <subfield code="c">DLC</subfield>
    <subfield code="d">DLC</subfield>
  </datafield>
  <datafield tag="100" ind1="1" ind2=" ">
    <subfield code="a">Baas, Berneice E.</subfield>
    <subfield code="q">(Berneice Emma),</subfield>
    <subfield code="d">1915-2007</subfield>
  </datafield>
  <datafield tag="400" ind1="1" ind2=" ">
    <subfield code="a">Baas, Bea,</subfield>
    <subfield code="d">1915-2007</subfield>
  </datafield>
  <datafield tag="670" ind1=" " ind2=" ">
    <subfield code="a">NUCMC data from McLean County Museum of Hist. for Her Diaries and other material, 1968-1994</subfield>
    <subfield code="b">(Berneice Emma Baas, 1915-2007; common name: Bea Baas)</subfield>
  </datafield>
  <datafield tag="670" ind1=" " ind2=" ">
    <subfield code="a">SSDI, Feb. 27, 2009</subfield>
    <subfield code="b">(Berneice E. Baas; b. 19 Sept. 1915; d. 3 Oct. 2007; last residence: Bloomington, McLean, Ill.)</subfield>
  </datafield>
</record>